@article{teleport,
  title = {Teleporting an unknown quantum state via dual classical and Einstein-Podolsky-Rosen channels},
  author = {Bennett, Charles H. and Brassard, Gilles and Cr\'epeau, Claude and Jozsa, Richard and Peres, Asher and Wootters, William K.},
  journal = {Phys. Rev. Lett.},
  volume = {70},
  issue = {13},
  pages = {1895--1899},
  numpages = {0},
  year = {1993},
  month = {Mar},
  publisher = {American Physical Society},
  doi = {10.1103/PhysRevLett.70.1895},
  url = {https://link.aps.org/doi/10.1103/PhysRevLett.70.1895}
}
 @book{nielsen_chuang_2010, title={Quantum Computation and Quantum Information}, ISBN={9781139495486}, publisher={Cambridge University Press, Cambridge}, author={Nielsen, Michael A and Chuang, Isaac L}, year={2010}, month={Dec} }

@article{Deutsch_2000,
   title={Information flow in entangled quantum systems},
   volume={456},
   ISSN={1471-2946},
   url={http://dx.doi.org/10.1098/rspa.2000.0585},
   DOI={10.1098/rspa.2000.0585},
   number={1999},
   journal={Proc. R. Soc. London, Ser. A},
   publisher={The Royal Society},
   author={Deutsch, David and Hayden, Patrick},
   year={2000},
   month={Jul}, pages={1759–1774} }

@article{Hirsch_2013,
   title={Genuine Hidden Quantum Nonlocality},
   volume={111},
   ISSN={1079-7114},
   url={http://dx.doi.org/10.1103/PhysRevLett.111.160402},
   number={16},
   journal={Phys. Rev. Letters},
   publisher={American Physical Society (APS)},
   author={Hirsch, Flavien and Quintino, Marco Túlio and Bowles, Joseph and Brunner, Nicolas},
   year={2013},
   month={Oct} }

@article{nagasawa_1997, title={On the locality of hidden-variable theories in quantum physics}, volume={8}, DOI={https://doi.org/10.1016/s0960-0779(97)00036-2}, number={11}, journal={Chaos, Solitons Fractals}, author={Nagasawa, Masao}, year={1997}, month={Nov}, pages={1773–1792} }

 @article{zhao_2013, title={On the implication of Bell’s probability distribution and proposed experiments of quantum measurement}, volume={117}, DOI={https://doi.org/10.1134/s1063776113140070}, number={6}, journal={J. Exp. Theor. Phys.}, publisher={Pleiades Publishing}, author={Zhao, H L}, year={2013}, month={Dec}, pages={999–1010} }

 @book{mcintyre_2022, title={Quantum Mechanics}, ISBN={9781009310611}, publisher={Cambridge University Press, Cambridge}, author={McIntyre, David H}, year={2022}, month={Sep} }

@article{epr,
  title = {Can Quantum-Mechanical Description of Physical Reality Be Considered Complete?},
  author = {Einstein, A. and Podolsky, B. and Rosen, N.},
  journal = {Phys. Rev.},
  volume = {47},
  issue = {10},
  pages = {777--780},
  numpages = {0},
  year = {1935},
  month = {May},
  publisher = {American Physical Society},
  doi = {10.1103/PhysRev.47.777},
  url = {https://link.aps.org/doi/10.1103/PhysRev.47.777}
}

@article{long_range_teleport,
  title = {Quantum State Transfer over 1200 km Assisted by Prior Distributed Entanglement},
  author = {Li, Bo and Cao, Yuan and Li, Yu-Huai and Cai, Wen-Qi and Liu, Wei-Yue and Ren, Ji-Gang and Liao, Sheng-Kai and Wu, Hui-Nan and Li, Shuang-Lin and Li, Li and et al.},
  journal = {Phys. Rev. Lett.},
  volume = {128},
  issue = {17},
  pages = {170501},
  numpages = {6},
  year = {2022},
  month = {Apr},
  publisher = {American Physical Society},
  doi = {10.1103/PhysRevLett.128.170501},
  url = {https://link.aps.org/doi/10.1103/PhysRevLett.128.170501}
}

@misc{aspect,
      title={Bell's Theorem : The Naive View of an Experimentalist}, 
      author={Alain Aspect},
      year={2004},
      eprint={quant-ph/0402001},
      archivePrefix={arXiv},
      primaryClass={quant-ph}
}

@article{chsh,
  title = {Proposed Experiment to Test Local Hidden-Variable Theories},
  author = {Clauser, John F. and Horne, Michael A. and Shimony, Abner and Holt, Richard A.},
  journal = {Phys. Rev. Lett.},
  volume = {23},
  issue = {15},
  pages = {880--884},
  numpages = {0},
  year = {1969},
  month = {Oct},
  publisher = {American Physical Society},
  doi = {10.1103/PhysRevLett.23.880},
  url = {https://link.aps.org/doi/10.1103/PhysRevLett.23.880}
}
