@FOOTNOTE{Note1,key="Note1",note="Also known as an EPR Pair or an entangled state"}
@FOOTNOTE{Note2,key="Note2",note="vague, but it involves either the same and negative or applying a few Pauli operators and other unitaries"}
@FOOTNOTE{Note3,key="Note3",note="that is a state which has concurrence $C=1$."}
@FOOTNOTE{Note4,key="Note4",note="Something like this bitflip error"}
@CONTROL{REVTEX42Control}
@CONTROL{apsrev42Control,author="08",editor="1",pages="0",title="0",year="1"}
