@FOOTNOTE{Note1,key="Note1",note="In this specific example the Bell state mediating the teleportation was created prior to being distributed to a satellite in low-Earth-orbit."}
@FOOTNOTE{Note2,key="Note2",note="The locality in this paper is Einsteinian locality (causality)"}
@FOOTNOTE{Note3,key="Note3",note="Also known as a Bell state or an entangled state"}
@FOOTNOTE{Note4,key="Note4",note="These calculations are done using the Heisenberg picture of quantum mechanics. Effectively, the feign of nonlocality is especially prevalent when analyzing interactions in quantum circuits using the Schr{\"o}dinger picture, however, ``the Heisenberg picture makes explicit what is implicit...in the Schr{\"o}dinger picture'' \cite [p. 23]{Deutsch_2000}."}
@FOOTNOTE{Note5,key="Note5",note="C.H.S.H. stands for Clauser, Horne, Shimony, and Holt."}
@CONTROL{REVTEX42Control}
@CONTROL{aip41Control,pages="1",title="0"}
