
 @book{griffiths, 
    title={Introduction to Electrodynamics}, 
    ISBN={9781108357142}, 
    publisher={Cambridge University Press}, 
    author={Griffiths, David J}, 
    year={2017}, month={Jun} }